@article{drouin2017prism,
  title={PRISM: An open source framework for the interactive design of GPU volume rendering shaders},
  author={Drouin, Simon and Kochanowski, Michal and Kersten-Oertel, Marta and Collins, D Louis},
  journal={PLoS One},
  volume={12},
  number={3},
  pages={e0173716},
  year={2017},
  publisher={Public Library of Science},
  doi={10.1371/journal.pone.0173716},
  url={https://pmc.ncbi.nlm.nih.gov/articles/PMC5849289/}
}
@inproceedings{mildenhall2020nerf,
	title     = {NeRF: Representing Scenes as Neural Radiance Fields for View Synthesis},
	author    = {Ben Mildenhall and Pratul P. Srinivasan and Matthew Tancik and Jonathan T. Barron and Ravi Ramamoorthi and Ren Ng},
	booktitle = {Proceedings of the European Conference on Computer Vision (ECCV)},
	year      = {2020},
	pages     = {405--421},
	publisher = {Springer},
	doi       = {10.1007/978-3-030-58452-8_24},
	url       = {https://www.ecva.net/papers/eccv_2020/papers_ECCV/papers/123460392.pdf}
}

@incollection{ikits2004volume,
  title={Volume Rendering Techniques},
  author={Ikits, Milan and Kniss, Joe and Lefohn, Aaron and Hansen, Charles},
  booktitle={GPU Gems: Programming Techniques, Tips and Tricks for Real-Time Graphics},
  chapter={39},
  publisher={Addison-Wesley},
  year={2004},
  url={https://developer.nvidia.com/gpugems/gpugems/part-vi-beyond-triangles/chapter-39-volume-rendering-techniques}
}

@misc{rasterization_vs_ray_tracing,	title = {Rasterization vs Ray tracing},
	author = {{pIXELsHAM}},
	howpublished = {\url{https://www.pixelsham.com/2019/10/24/whats-the-difference-between-ray-tracing-and-rasterization/}},
	note = {Consultato il 5 Agosto 2025},
	year = {2025}
}

@misc{5d_optimization,
	title = {5D continuous representation optimization},
	author = {{ECCV}},
	howpublished = {\url{https://www.ecva.net/papers/eccv_2020/papers_ECCV/papers/123460392.pdf}},
	note = {Consultato il 2 luglio 2025},
	year = {2025}
}

% Per immagini da siti web
@misc{researchgate_bunny,
  title = {The Stanford Bunny 3D model in different representations},
  author = {{ResearchGate}},
  howpublished = {\url{https://www.researchgate.net/figure/The-Stanford-Bunny-38-model-in-different-three-dimensional-representations-a-P}},
  note = {Consultato il 2 luglio 2025},
  year = {2025}
}


% Per immagini da siti web
@misc{view_frustum,
  title = {The process of volume rendering},
  author = {{LearnOpenGL}},
  howpublished = {\url{https://learnopengl.com/Guest-Articles/2021/Scene/Frustum-Culling}},
  note = {Consultato il 2 luglio 2025},
}
% Per immagini da siti web
@misc{volume_rendering_process,
  title = {The view frustum},
  author = {{Nvidia}},
  howpublished = {\url{https://developer.nvidia.com/gpugems/gpugems/part-vi-beyond-triangles/chapter-39-volume-rendering-techniques}},
  note = {Consultato il 2 luglio 2025},
}
@misc{projection_types,
  title = {Perspective vs parallel projection},
  author = {{Nvidia}},
  howpublished = {\url{https://www.ahirlabs.com/difference/perspective-projections-parallel-projection/}},
  note = {Consultato il 2 luglio 2025},
}
@misc{bvh,
  title = {Bounding volume hierarchy structure},
  author = {{ResearchGate}},
  howpublished = {\url{https://www.researchgate.net/figure/Bounding-volume-hierarchies-structure_fig1_362859119/}},
  note = {Consultato il 2 luglio 2025},
}
@misc{rasterization,
  title = {Rasterization},
  author = {{RadianceFields}},
  howpublished = {\url{https://radiancefields.com/understanding-3d-gaussian-splatting-via-render-engines/}},
  note = {Consultato il 2 luglio 2025},
}
@misc{octree,
  title = {Octree},
  author = {{LearnOpenGL}},
  howpublished = {\url{ https://learnopengl.com/Guest-Articles/2021/Scene/Frustum-Culling/}},
  note = {Consultato il 2 luglio 2025},
}
@misc{sfm,
  title = {SfM},
  author = {{RadianceFields}},
  howpublished = {\url{ https://radiancefields.com/understanding-3d-gaussian-splatting-via-render-engines/}},
  note = {Consultato il 2 luglio 2025},
}
@misc{point_cloud_traditional,
	title = {Point cloud traditional},
	author = {{RadianceFields}},
	howpublished = {\url{ https://radiancefields.com/understanding-3d-gaussian-splatting-via-render-engines/}},
	note = {Consultato il 2 luglio 2025},
}
@misc{point_cloud_with_splatting,
	title = {Point cloud with splats},
	author = {{RadianceFields}},
	howpublished = {\url{ https://radiancefields.com/understanding-3d-gaussian-splatting-via-render-engines/}},
	note = {Consultato il 2 luglio 2025},
}

@misc{monolith_vs_microservices,
	title = {Architettura monolita vs architettura a microservizi},
	author = {{Medium}},
	howpublished = {\url{https://medium.com/serverlessitaly/architetture-a-microservizi-tra-hype-e-casi-duso-parte-1-4e29c80b735}},
	note = {Consultato il 2 luglio 2025},
}
@misc{continuous_integration,
	title = {Schema continuous integration},
	author = {{TierPoint}},
	howpublished = {\url{https://www.tierpoint.com/blog/benefits-of-continuous-integration/}},
	note = {Consultato il 2 luglio 2025},
}
@misc{docker_compose,
	title = {Architettura con Docker Compose},
author = {{Medium}},
howpublished = {\url{https://medium.com/@zeeshan.mustafa91/docker-multi-container-setup-for-net-8-0-web-api-with-postgresql-and-redis-5147f1-5147f1f269cd}},
note = {Consultato il 2 luglio 2025},
}
@misc{event_driven_architecture,
	title = {Architettura Event-driven},
author = {{Scylladb}},
howpublished = {\url{https://www.scylladb.com/glossary/event-driven-architecture/}},
note = {Consultato il 2 luglio 2025},
}

@misc{densification,
  title = {Densification},
  author = {{RadianceFields}},
  howpublished = {\url{ https://radiancefields.com/understanding-3d-gaussian-splatting-via-render-engines/}},
  note = {Consultato il 2 luglio 2025},
}